@article{moreau2006prediction,
  title={Prediction of the amount of secondary structure of proteins using unassigned NMR spectra: a tool for target selection in structural proteomics},
  author={Moreau, Vitor Hugo and Valente, Ana Paula and Almeida, F{\'a}bio CL},
  journal={Genetics and Molecular Biology},
  volume={29},
  pages={762--770},
  year={2006},
  publisher={SciELO Brasil}
}

@article{jumper2021highly,
  title={Highly accurate protein structure prediction with AlphaFold},
  author={Jumper, John and Evans, Richard and Pritzel, Alexander and Green, Tim and Figurnov, Michael and Ronneberger, Olaf and Tunyasuvunakool, Kathryn and Bates, Russ and {\v{Z}}{\'\i}dek, Augustin and Potapenko, Anna and others},
  journal={Nature},
  volume={596},
  number={7873},
  pages={583--589},
  year={2021},
  publisher={Nature Publishing Group UK London}
}

@article{alkhouri2023robustness,
  title={On the Robustness of AlphaFold: A COVID-19 Case Study},
  author={Alkhouri, Ismail and Jha, Sumit and Beckus, Andre and Atia, George and Velasquez, Alvaro and Ewetz, Rickard and Ramanathan, Arvind and Jha, Susmit},
  journal={arXiv preprint arXiv:2301.04093},
  year={2023}
}